%% This BibTeX bibliography file was created using BibDesk.
%% https://bibdesk.sourceforge.io/

%% Created for Mun-Gwan Hong at 2022-09-11 14:12:18 +0200 


%% Saved with string encoding Unicode (UTF-8) 



@article{hartigan1979,
	author = {Hartigan, John A and Wong, Manchek A},
	date-added = {2022-09-11 14:12:03 +0200},
	date-modified = {2022-09-11 14:12:11 +0200},
	journal = {Journal of the royal statistical society. series c (applied statistics)},
	number = {1},
	pages = {100--108},
	publisher = {JSTOR},
	title = {Algorithm AS 136: A k-means clustering algorithm},
	volume = {28},
	year = {1979}}

@article{lloyd1957,
	author = {Lloyd, S. P.},
	date-added = {2022-09-11 14:10:41 +0200},
	date-modified = {2022-09-11 14:10:56 +0200},
	journal = {IEEE Trans. Inform. Theor.(1957/1982)},
	pages = {5},
	title = {Least square quantization in PCM. Bell Telephone Laboratories Paper. Published in journal much later: Lloyd, SP: Least squares quantization in PCM},
	volume = {18},
	year = {1957}}

@article{forgy1965,
	author = {Forgy, Edward W.},
	date-added = {2022-09-11 14:06:29 +0200},
	date-modified = {2022-09-11 14:07:39 +0200},
	journal = {Biometrics},
	number = {3},
	pages = {768--769},
	publisher = {Oxford},
	title = {Cluster analysis of multivariate data: Efficiency vs. interpretability of classification},
	volume = {21},
	year = {1965}}

@article{Ahlqvist:2018td,
	annote = {doi: 10.1016/S2213-8587(18)30051-2},
	author = {Ahlqvist, Emma and Storm, Petter and K{\"a}r{\"a}j{\"a}m{\"a}ki, Annemari and Martinell, Mats and Dorkhan, Mozhgan and Carlsson, Annelie and Vikman, Petter and Prasad, Rashmi B and Aly, Dina Mansour and Almgren, Peter and Wessman, Ylva and Shaat, Nael and Sp{\'e}gel, Peter and Mulder, Hindrik and Lindholm, Eero and Melander, Olle and Hansson, Ola and Malmqvist, Ulf and Lernmark, {\AA}ke and Lahti, Kaj and Fors{\'e}n, Tom and Tuomi, Tiinamaija and Rosengren, Anders H and Groop, Leif},
	booktitle = {The Lancet Diabetes \& Endocrinology},
	date = {2018/05/01},
	date-added = {2022-09-09 16:01:57 +0200},
	date-modified = {2022-09-09 16:01:57 +0200},
	doi = {10.1016/S2213-8587(18)30051-2},
	isbn = {2213-8587},
	journal = {The Lancet Diabetes \& Endocrinology},
	m3 = {doi: 10.1016/S2213-8587(18)30051-2},
	month = {2022/09/09},
	number = {5},
	pages = {361--369},
	publisher = {Elsevier},
	title = {Novel subgroups of adult-onset diabetes and their association with outcomes: a data-driven cluster analysis of six variables},
	ty = {JOUR},
	url = {https://doi.org/10.1016/S2213-8587(18)30051-2},
	volume = {6},
	year = {2018},
	year1 = {2018},
	Bdsk-Url-1 = {https://doi.org/10.1016/S2213-8587(18)30051-2}}
