@article{knuth84,
  author = {Knuth, Donald E.},
  title = {Literate Programming},
  year = {1984},
  issue_date = {May 1984},
  publisher = {Oxford University Press, Inc.},
  address = {USA},
  volume = {27},
  number = {2},
  issn = {0010-4620},
  url = {https://doi.org/10.1093/comjnl/27.2.97},
  doi = {10.1093/comjnl/27.2.97},
  journal = {Comput. J.},
  month = may,
  pages = {97â€“111},
  numpages = {15}
}

@article{Wilcoxon1945,
author = {Wilcoxon, Frank},
journal = {Biometrics Bulletin},
number = {6},
pages = {80--83},
title = {{Individual Comparisions by Ranking Methods}},
volume = {1},
year = {1945}
}

@article{fernandez2018smote,
  title={SMOTE for learning from imbalanced data: progress and challenges, marking the 15-year anniversary},
  author={Fern{\'a}ndez, Alberto and Garcia, Salvador and Herrera, Francisco and Chawla, Nitesh V},
  journal={Journal of artificial intelligence research},
  volume={61},
  pages={863--905},
  year={2018}
}

@INPROCEEDINGS{4633969,
  author={Haibo He and Yang Bai and Garcia, Edwardo A. and Shutao Li},
  booktitle={2008 IEEE International Joint Conference on Neural Networks (IEEE World Congress on Computational Intelligence)}, 
  title={ADASYN: Adaptive synthetic sampling approach for imbalanced learning}, 
  year={2008},
  volume={},
  number={},
  pages={1322-1328},
  doi={10.1109/IJCNN.2008.4633969}}

